TRADE_DATE|TRADE_TIME|SYMBOL          |SIDE            |QUANTITY        |PRICE           |EXECUTION_ID    |COUNTERPARTY
2022-10-05|09:44:11  |F               |BUY             |             800|        12.32000|           73817|        6000
2022-10-05|10:57:53  |SPY             |BUY             |             100|       374.82000|          466441|        6000
2022-10-05|09:49:34  |AMZN            |BUY             |             900|       123.09000|          105677|       10000
2022-10-05|10:47:47  |SPY             |BUY             |             600|       381.74000|          412515|        5000
2022-10-05|10:48:25  |AMZN            |SELL_SHORT      |             400|       133.82000|          416577|        8000
2022-10-05|10:18:15  |AMZN            |SELL_SHORT      |             200|       125.85000|          252739|        6000
2022-10-05|10:46:06  |TSLA            |SELL            |             400|       226.09000|          403938|       10000
2022-10-05|09:52:52  |MSFT            |SELL_SHORT      |            1000|       251.12000|          123520|       10000
2022-10-05|10:16:29  |GOOG            |BUY             |             200|       103.26000|          241567|        4000
2022-10-05|09:58:54  |GOOGL           |SELL            |             400|       100.72000|          150739|        3000
2022-10-05|10:41:55  |MSFT            |SELL_SHORT      |             600|       254.46000|          377289|        3000
2022-10-05|10:14:05  |GOOG            |SELL_SHORT      |             200|       103.22000|          227985|        5000
2022-10-05|10:31:20  |META            |BUY             |             700|       128.55000|          320765|        8000
2022-10-05|10:54:54  |GOOGL           |SELL            |             600|       100.73000|          451839|        9000
2022-10-05|10:13:56  |AMZN            |BUY             |            1000|       124.26000|          226932|        1000
2022-10-05|10:48:24  |GOOGL           |SELL            |             400|       100.91000|          415649|        4000
2022-10-05|10:48:59  |AMD             |BUY             |             800|        67.36000|          419116|        3000
2022-10-05|09:47:54  |AMZN            |SELL_SHORT      |             500|       122.70000|           95249|        7000
2022-10-05|10:28:32  |SPY             |BUY             |             300|       386.55000|          303846|        7000
2022-10-05|09:59:26  |AMZN            |SELL_SHORT      |             600|       124.06000|          154033|        1000
2022-10-05|10:46:28  |F               |BUY             |             700|        11.35000|          406061|        8000
2022-10-05|09:54:44  |AMD             |BUY             |             500|        65.77000|          131038|        3000
2022-10-05|09:47:23  |AAPL            |BUY             |             600|       145.96000|           91415|        8000
2022-10-05|10:31:49  |MSFT            |BUY             |             900|       258.11000|          322870|        5000
2022-10-05|09:43:28  |META            |SELL            |             400|       139.65000|           71116|        4000
2022-10-05|10:23:35  |TSLA            |BUY             |             900|       231.19000|          278523|        6000
2022-10-05|10:17:23  |SPY             |BUY             |             400|       380.56000|          245589|        5000
2022-10-05|10:13:10  |GOOG            |SELL_SHORT      |             600|       102.75000|          223968|       10000
2022-10-05|10:46:16  |AMD             |SELL            |             600|        68.01000|          405065|        5000
2022-10-05|10:39:14  |MSFT            |BUY             |             300|       252.63000|          361221|        4000
2022-10-05|09:39:36  |TSLA            |BUY             |             700|       238.16000|           53529|        9000
2022-10-05|09:53:15  |AMD             |BUY             |             200|        65.23000|          125782|        3000
2022-10-05|09:30:02  |META            |SELL            |            1000|       139.45000|             355|       10000
2022-10-05|09:51:15  |AAPL            |BUY             |             800|       143.17000|          115484|        2000
2022-10-05|10:57:17  |META            |SELL            |             100|       127.52000|          463524|       10000
2022-10-05|09:51:01  |GOOG            |BUY             |             100|       103.64000|          114344|        9000
2022-10-05|09:38:29  |AAPL            |SELL_SHORT      |             900|       147.98000|           47667|        5000
2022-10-05|09:43:16  |AMD             |SELL            |             300|        65.79000|           70817|        6000
2022-10-05|09:30:56  |GOOGL           |SELL            |             200|       101.44000|            7260|        9000
2022-10-05|10:28:21  |GOOG            |SELL_SHORT      |             400|       101.96000|          302428|        1000
2022-10-05|10:22:04  |SPY             |SELL_SHORT      |             100|       389.26000|          273415|       10000
2022-10-05|10:12:45  |AMZN            |BUY             |             300|       122.27000|          222524|        8000
2022-10-05|09:46:58  |AMD             |BUY             |            1000|        65.62000|           90561|        1000
2022-10-05|10:40:44  |META            |BUY             |             100|       127.78000|          368855|        9000
2022-10-05|09:57:49  |AAPL            |SELL_SHORT      |             400|       142.90000|          146258|        9000
2022-10-05|09:56:55  |AMZN            |BUY             |             400|       125.98000|          139160|        9000
2022-10-05|10:21:20  |AMZN            |SELL_SHORT      |             900|       125.60000|          267246|        7000
2022-10-05|09:41:37  |AAPL            |SELL_SHORT      |             200|       147.25000|           63097|        8000
2022-10-05|09:39:15  |AMZN            |SELL_SHORT      |             600|       121.98000|           51290|        4000
2022-10-05|09:33:46  |GOOG            |BUY             |             900|       103.65000|           24535|        1000
2022-10-05|10:17:34  |GOOG            |BUY             |             200|       102.23000|          246713|        5000
2022-10-05|09:57:35  |F               |BUY             |            1000|        12.26000|          143643|        7000
2022-10-05|10:32:44  |AMZN            |SELL_SHORT      |            1000|       127.78000|          326454|        9000
2022-10-05|10:12:42  |META            |SELL            |             200|       132.24000|          222192|        4000
2022-10-05|09:36:31  |AMZN            |SELL_SHORT      |             600|       120.11000|           39215|        7000
2022-10-05|09:45:24  |AMZN            |SELL_SHORT      |             200|       121.52000|           81091|       10000
2022-10-05|10:11:42  |TSLA            |BUY             |             800|       235.16000|          216527|        1000
2022-10-05|10:18:48  |TSLA            |BUY             |             500|       231.04000|          255589|        6000
2022-10-05|10:39:32  |MSFT            |BUY             |             600|       253.88000|          363380|        5000
2022-10-05|09:39:08  |F               |SELL            |             800|        12.27000|           49956|        8000
2022-10-05|10:34:49  |GOOG            |BUY             |            1000|       100.94000|          337718|        9000
2022-10-05|10:01:40  |META            |BUY             |             800|       133.22000|          167059|       10000
2022-10-05|10:10:58  |F               |SELL            |             500|        11.81000|          213197|        8000
2022-10-05|09:57:46  |TSLA            |SELL            |             200|       234.63000|          144823|        7000
2022-10-05|10:55:35  |F               |BUY             |             400|        11.47000|          454850|        1000
2022-10-05|10:34:03  |AMZN            |BUY             |             200|       127.07000|          334947|        7000
2022-10-05|10:12:01  |MSFT            |BUY             |             800|       250.07000|          218509|        6000
2022-10-05|10:08:08  |AAPL            |SELL_SHORT      |             700|       144.39000|          197804|        9000
2022-10-05|09:42:17  |META            |BUY             |             300|       139.72000|           65394|        3000
2022-10-05|09:58:37  |GOOGL           |SELL            |             400|       100.65000|          150202|        1000
2022-10-05|10:18:01  |AAPL            |BUY             |             800|       143.99000|          250597|        2000
2022-10-05|10:33:25  |TSLA            |BUY             |             800|       228.02000|          331420|        9000
2022-10-05|10:58:43  |AAPL            |BUY             |             200|       139.62000|          471208|       10000
2022-10-05|10:37:53  |META            |BUY             |             700|       127.49000|          353643|        1000
2022-10-05|09:54:20  |MSFT            |BUY             |             200|       253.97000|          129602|        8000
2022-10-05|10:11:13  |AMZN            |BUY             |            1000|       122.47000|          214571|        5000
2022-10-05|10:37:41  |AMD             |SELL            |             900|        68.02000|          352444|        8000
2022-10-05|10:01:12  |AMD             |SELL            |             800|        66.35000|          163167|       10000
2022-10-05|10:11:35  |MSFT            |SELL_SHORT      |             800|       250.25000|          216477|        5000
2022-10-05|10:22:19  |GOOG            |BUY             |             400|       101.86000|          274721|        3000
2022-10-05|10:03:31  |GOOGL           |BUY             |             400|       100.74000|          175380|        9000
2022-10-05|10:37:22  |AAPL            |BUY             |             700|       137.73000|          351118|        4000
2022-10-05|09:39:09  |F               |SELL            |             900|        12.33000|           50932|        8000
2022-10-05|10:46:24  |AAPL            |SELL_SHORT      |             700|       136.42000|          405951|        5000
2022-10-05|10:58:42  |SPY             |SELL_SHORT      |             600|       376.14000|          470491|        5000
2022-10-05|10:35:41  |META            |BUY             |             800|       127.94000|          340661|        5000
2022-10-05|10:04:01  |AMZN            |SELL_SHORT      |            1000|       122.62000|          176599|        6000
2022-10-05|10:30:49  |GOOG            |BUY             |             900|       102.45000|          317794|        4000
2022-10-05|10:45:41  |F               |SELL            |             400|        11.39000|          401600|        4000
2022-10-05|10:15:08  |TSLA            |BUY             |             100|       231.94000|          236075|        9000
2022-10-05|09:46:39  |AMZN            |BUY             |             800|       121.08000|           90020|        4000
2022-10-05|10:05:13  |GOOGL           |SELL            |             900|       101.41000|          181321|        9000
2022-10-05|10:36:02  |AMD             |BUY             |             700|        67.42000|          342571|        2000
2022-10-05|10:38:21  |AMZN            |BUY             |             700|       126.96000|          356949|        6000
2022-10-05|10:40:11  |GOOGL           |SELL            |             200|       101.20000|          366568|        2000
2022-10-05|09:31:57  |AMZN            |SELL_SHORT      |             300|       121.82000|           13141|        1000
2022-10-05|10:08:33  |TSLA            |SELL            |             400|       235.32000|          200567|        7000
2022-10-05|10:56:21  |META            |BUY             |            1000|       126.97000|          458821|        8000
2022-10-05|10:50:21  |GOOG            |SELL_SHORT      |             800|        98.17000|          430935|        2000
2022-10-05|10:41:49  |F               |BUY             |            1000|        11.48000|          377003|        3000
2022-10-05|09:55:55  |GOOG            |BUY             |             100|       101.62000|          135350|        6000
2022-10-05|10:19:32  |GOOG            |SELL_SHORT      |             900|       102.15000|          258139|        7000
2022-10-05|10:58:13  |AMD             |SELL            |             500|        66.60000|          467277|        8000
2022-10-05|09:36:29  |AAPL            |SELL_SHORT      |            1000|       146.56000|           38640|        3000
2022-10-05|10:16:35  |AAPL            |BUY             |            1000|       144.10000|          241877|        8000
2022-10-05|09:59:42  |AMZN            |SELL_SHORT      |             300|       124.17000|          154417|        2000
2022-10-05|10:20:37  |TSLA            |SELL            |            1000|       230.42000|          262996|        6000
2022-10-05|10:57:33  |GOOGL           |BUY             |            1000|       102.07000|          464478|        9000
2022-10-05|10:28:55  |AMZN            |SELL_SHORT      |            1000|       125.49000|          306360|        9000
2022-10-05|10:34:18  |AMD             |SELL            |            1000|        67.35000|          336519|        8000
2022-10-05|10:35:00  |AMZN            |BUY             |             100|       126.13000|          338113|        8000
2022-10-05|09:44:51  |AAPL            |BUY             |             300|       145.75000|           77981|        1000
2022-10-05|09:58:45  |SPY             |SELL_SHORT      |             100|       373.89000|          150622|        6000
2022-10-05|10:00:47  |SPY             |BUY             |             200|       368.31000|          160946|        9000
2022-10-05|10:43:22  |TSLA            |SELL            |             900|       227.78000|          386701|        8000
2022-10-05|09:58:55  |GOOG            |BUY             |             900|       101.83000|          151700|        2000
2022-10-05|10:25:58  |TSLA            |SELL            |             500|       232.67000|          288447|        4000
2022-10-05|10:17:19  |SPY             |SELL_SHORT      |             100|       382.11000|          245522|        2000
2022-10-05|09:33:13  |AMD             |SELL            |             700|        66.27000|           21386|        4000
2022-10-05|10:09:02  |META            |SELL            |             400|       133.05000|          203856|        1000
2022-10-05|09:37:31  |SPY             |SELL_SHORT      |             300|       377.00000|           43757|        1000
2022-10-05|10:38:29  |AMZN            |BUY             |             900|       127.92000|          356951|       10000
2022-10-05|10:52:09  |META            |BUY             |             100|       127.34000|          439665|        8000
2022-10-05|10:28:34  |AAPL            |BUY             |             700|       136.71000|          304178|        4000
2022-10-05|10:58:54  |AMZN            |BUY             |             300|       133.76000|          472859|        6000
2022-10-05|09:50:43  |MSFT            |BUY             |             300|       249.32000|          111244|        9000
2022-10-05|10:18:04  |AMD             |BUY             |             200|        68.10000|          251456|        6000
2022-10-05|10:26:57  |META            |BUY             |             100|       127.66000|          295561|        9000
2022-10-05|10:02:51  |SPY             |SELL_SHORT      |             200|       367.57000|          173179|        6000
2022-10-05|10:08:06  |TSLA            |SELL            |             700|       235.44000|          197004|       10000
2022-10-05|10:57:36  |TSLA            |SELL            |             900|       228.80000|          464856|        9000
2022-10-05|10:07:11  |F               |SELL            |             600|        11.99000|          189742|        7000
2022-10-05|10:42:29  |MSFT            |SELL_SHORT      |             300|       254.65000|          380502|       10000
2022-10-05|10:50:56  |SPY             |SELL_SHORT      |             900|       376.15000|          434309|        4000
2022-10-05|10:18:28  |TSLA            |BUY             |             500|       233.49000|          254416|        6000
2022-10-05|10:09:32  |AAPL            |BUY             |             900|       142.69000|          207014|        3000
2022-10-05|10:46:49  |AMD             |SELL            |             400|        67.76000|          409083|        7000
2022-10-05|09:53:25  |F               |BUY             |            1000|        12.39000|          125883|        8000
2022-10-05|09:33:52  |MSFT            |SELL_SHORT      |             300|       245.90000|           25427|        3000
2022-10-05|10:26:06  |GOOG            |BUY             |             300|       101.78000|          289330|        7000
2022-10-05|09:34:19  |SPY             |SELL_SHORT      |             400|       377.26000|           27446|        7000
2022-10-05|10:55:25  |TSLA            |BUY             |             200|       228.32000|          453699|        3000
2022-10-05|10:56:29  |TSLA            |SELL            |             100|       228.63000|          459442|        1000
2022-10-05|10:40:09  |GOOGL           |SELL            |             300|       102.05000|          366364|        5000
2022-10-05|09:46:14  |MSFT            |SELL_SHORT      |             200|       246.48000|           87740|        6000
2022-10-05|10:39:22  |AMZN            |SELL_SHORT      |             800|       129.13000|          362651|        3000
2022-10-05|10:18:11  |AMD             |BUY             |             100|        67.47000|          252129|        7000
2022-10-05|10:56:40  |TSLA            |BUY             |             700|       225.98000|          460227|        3000
2022-10-05|09:38:21  |AMD             |SELL            |             900|        65.73000|           47089|        9000
2022-10-05|10:13:05  |AAPL            |SELL_SHORT      |             600|       142.58000|          223710|        3000
2022-10-05|10:13:34  |AMD             |BUY             |             800|        67.50000|          226126|        3000
2022-10-05|09:48:45  |TSLA            |SELL            |             800|       236.92000|          101871|        9000
2022-10-05|09:37:29  |GOOGL           |BUY             |             200|       101.42000|           43588|        2000
2022-10-05|10:15:42  |GOOGL           |BUY             |             500|       101.87000|          238621|        5000
2022-10-05|09:44:20  |AMD             |BUY             |             100|        65.88000|           74107|        2000
2022-10-05|10:32:38  |META            |SELL            |             300|       128.02000|          325828|        2000
2022-10-05|09:39:47  |META            |SELL            |             700|       138.50000|           54667|        1000
2022-10-05|10:21:07  |GOOG            |BUY             |             600|       101.93000|          265567|        7000
2022-10-05|10:11:45  |F               |SELL            |             900|        11.72000|          217212|       10000
2022-10-05|10:25:35  |SPY             |BUY             |             900|       386.38000|          286550|       10000
2022-10-05|10:19:52  |AMD             |SELL            |             400|        67.56000|          260124|       10000
2022-10-05|09:30:18  |AMZN            |SELL_SHORT      |             200|       121.24000|            2919|        5000
2022-10-05|10:42:17  |AAPL            |BUY             |             400|       136.81000|          379702|        8000
2022-10-05|09:35:08  |F               |BUY             |             800|        12.29000|           31217|        9000
2022-10-05|10:39:42  |AAPL            |BUY             |             500|       138.01000|          364446|        2000
2022-10-05|09:32:25  |MSFT            |SELL_SHORT      |             500|       247.67000|           16867|        6000
2022-10-05|09:32:31  |META            |BUY             |            1000|       138.77000|           17941|       10000
2022-10-05|10:06:08  |AMD             |BUY             |             900|        65.89000|          184732|        1000
2022-10-05|09:39:00  |AAPL            |SELL_SHORT      |             800|       149.70000|           49280|        6000
2022-10-05|10:09:12  |AMD             |SELL            |             300|        67.01000|          204804|        8000
2022-10-05|10:56:57  |F               |SELL            |             700|        11.44000|          461671|        6000
2022-10-05|09:57:02  |GOOG            |SELL_SHORT      |             300|       101.53000|          140284|        6000
2022-10-05|10:10:17  |GOOGL           |BUY             |             300|       102.59000|          211042|        8000
2022-10-05|10:20:10  |META            |BUY             |             900|       128.38000|          260464|        4000
2022-10-05|09:42:08  |AMD             |SELL            |            1000|        65.14000|           64737|        6000
2022-10-05|10:28:16  |SPY             |BUY             |             100|       383.64000|          301533|        6000
2022-10-05|10:12:55  |AMD             |BUY             |             500|        67.28000|          222886|        3000
2022-10-05|09:47:00  |GOOGL           |SELL            |             200|       101.35000|           91046|        5000
2022-10-05|09:55:37  |F               |BUY             |             800|        12.37000|          133421|        8000
2022-10-05|10:40:50  |GOOGL           |SELL            |             700|       100.03000|          369748|        8000
2022-10-05|10:28:50  |GOOGL           |SELL            |             200|       101.81000|          305496|        2000
2022-10-05|10:07:29  |SPY             |BUY             |             300|       372.35000|          192307|        3000
2022-10-05|10:47:55  |GOOGL           |BUY             |             900|       100.79000|          413427|        1000
2022-10-05|10:21:34  |GOOG            |SELL_SHORT      |             100|       101.82000|          268271|        5000
2022-10-05|09:44:43  |AAPL            |SELL_SHORT      |             400|       146.97000|           76992|        1000
2022-10-05|10:06:18  |TSLA            |BUY             |             800|       238.25000|          186510|        3000
2022-10-05|10:41:59  |SPY             |BUY             |             300|       380.51000|          378148|       10000
2022-10-05|09:32:42  |TSLA            |SELL            |             700|       241.56000|           18539|        6000
2022-10-05|10:56:11  |AMZN            |BUY             |             400|       133.47000|          458685|        8000
2022-10-05|10:02:30  |GOOG            |SELL_SHORT      |             600|       100.31000|          172031|        3000
2022-10-05|09:51:49  |AMD             |SELL            |             300|        65.15000|          118461|        8000
2022-10-05|10:50:29  |AMZN            |SELL_SHORT      |            1000|       133.23000|          432185|        1000
2022-10-05|10:07:49  |AMD             |BUY             |             500|        66.68000|          194469|        2000
2022-10-05|10:30:33  |META            |BUY             |             400|       128.41000|          316374|        2000
2022-10-05|10:45:24  |MSFT            |BUY             |             200|       256.68000|          399616|        2000
2022-10-05|09:36:02  |AAPL            |SELL_SHORT      |             600|       146.34000|           36486|        4000
2022-10-05|10:01:34  |AMD             |BUY             |             800|        66.36000|          166562|        8000
2022-10-05|10:49:02  |MSFT            |SELL_SHORT      |             800|       257.83000|          420077|        5000
2022-10-05|10:44:15  |GOOG            |BUY             |             300|        99.17000|          392445|        5000
2022-10-05|09:58:29  |TSLA            |BUY             |             200|       236.05000|          150022|        6000
2022-10-05|10:00:30  |GOOGL           |SELL            |             800|       100.47000|          158351|        6000
2022-10-05|10:55:54  |AAPL            |SELL_SHORT      |             800|       139.16000|          457127|        7000
2022-10-05|09:37:50  |AMD             |SELL            |             800|        65.44000|           45331|       10000
2022-10-05|10:43:18  |SPY             |SELL_SHORT      |             200|       383.23000|          386183|        8000
2022-10-05|10:16:59  |MSFT            |BUY             |             100|       249.32000|          244092|        3000
2022-10-05|10:45:30  |GOOGL           |BUY             |             500|        99.87000|          399903|        4000
2022-10-05|10:14:59  |GOOG            |SELL_SHORT      |             400|       102.95000|          235225|       10000
2022-10-05|09:37:41  |META            |SELL            |             100|       138.51000|           44678|       10000
2022-10-05|10:24:28  |GOOGL           |SELL            |             200|       101.36000|          282597|        5000
2022-10-05|10:27:18  |AMZN            |SELL_SHORT      |             100|       127.38000|          298594|       10000
2022-10-05|10:38:54  |AAPL            |SELL_SHORT      |             300|       138.95000|          359303|        1000
2022-10-05|10:14:15  |SPY             |BUY             |             200|       372.96000|          229735|        3000
2022-10-05|10:31:06  |F               |SELL            |             500|        11.76000|          318823|        5000
2022-10-05|10:28:06  |GOOGL           |BUY             |             400|       101.38000|          301247|        1000
2022-10-05|10:40:35  |F               |BUY             |             500|        11.47000|          368273|        9000
2022-10-05|09:30:04  |AMD             |SELL            |             300|        68.03000|            1002|        8000
2022-10-05|10:07:58  |AMZN            |SELL_SHORT      |             600|       123.61000|          194807|        2000
2022-10-05|09:40:07  |GOOGL           |SELL            |            1000|       101.33000|           57014|        9000
2022-10-05|09:37:27  |AMD             |SELL            |             700|        65.73000|           43424|        6000
2022-10-05|10:55:30  |F               |SELL            |             900|        11.37000|          454292|        5000
2022-10-05|10:38:08  |MSFT            |BUY             |             600|       252.40000|          355116|        2000
2022-10-05|10:16:03  |META            |BUY             |             100|       131.65000|          241317|        3000
2022-10-05|10:49:33  |TSLA            |BUY             |             600|       226.29000|          424676|        6000
2022-10-05|10:10:04  |F               |BUY             |            1000|        11.84000|          210336|        7000
2022-10-05|09:42:23  |AAPL            |SELL_SHORT      |             200|       146.80000|           66221|        3000
2022-10-05|10:54:15  |AAPL            |BUY             |             100|       139.07000|          449415|        6000
2022-10-05|09:40:39  |TSLA            |BUY             |            1000|       238.62000|           58914|        7000
2022-10-05|09:38:34  |AMD             |BUY             |             900|        65.61000|           48088|        3000
2022-10-05|10:56:48  |AAPL            |SELL_SHORT      |             900|       139.21000|          460503|        5000
2022-10-05|09:59:59  |GOOG            |BUY             |             600|       101.39000|          155898|        4000
2022-10-05|10:38:38  |GOOGL           |SELL            |             300|       101.59000|          357220|        8000
2022-10-05|10:40:25  |AAPL            |BUY             |             500|       137.81000|          367124|        4000
2022-10-05|10:31:15  |AMZN            |BUY             |             100|       127.92000|          319905|        5000
2022-10-05|10:04:14  |SPY             |SELL_SHORT      |             500|       366.66000|          177843|        4000
2022-10-05|10:26:15  |TSLA            |BUY             |             600|       232.03000|          290554|        7000
2022-10-05|10:50:28  |AAPL            |SELL_SHORT      |             600|       136.97000|          431386|        5000
2022-10-05|09:56:35  |AMZN            |BUY             |             300|       126.29000|          137453|        2000
2022-10-05|10:09:41  |AMD             |BUY             |             400|        66.80000|          208101|        7000
2022-10-05|10:03:47  |AAPL            |SELL_SHORT      |             200|       144.41000|          176079|        5000
2022-10-05|10:24:03  |TSLA            |SELL            |             800|       232.00000|          280915|       10000
2022-10-05|10:29:09  |GOOG            |SELL_SHORT      |             100|       102.53000|          308658|        5000
2022-10-05|11:01:20  |META            |BUY             |             500|       130.27000|          487896|       10000
2022-10-05|10:48:05  |AMZN            |BUY             |             500|       132.80000|          413783|        3000
2022-10-05|09:40:57  |AMD             |BUY             |             100|        65.54000|           59565|        7000
2022-10-05|10:42:08  |AMD             |BUY             |             600|        68.04000|          378734|        7000
2022-10-05|09:32:01  |MSFT            |SELL_SHORT      |             700|       247.15000|           13887|        6000
2022-10-05|10:53:58  |AMD             |BUY             |             500|        67.05000|          448317|        3000
2022-10-05|10:11:57  |TSLA            |BUY             |             900|       234.86000|          218199|        6000
2022-10-05|09:35:45  |SPY             |BUY             |            1000|       379.36000|           35267|       10000
2022-10-05|10:59:10  |SPY             |SELL_SHORT      |             600|       375.20000|          474187|        3000
2022-10-05|09:36:25  |MSFT            |SELL_SHORT      |             900|       245.14000|           38147|        7000
2022-10-05|10:39:58  |AMD             |BUY             |             600|        67.93000|          366062|        3000
2022-10-05|10:21:35  |AMZN            |SELL_SHORT      |            1000|       125.99000|          268988|        7000
2022-10-05|10:42:59  |TSLA            |BUY             |             300|       227.36000|          384907|        5000
2022-10-05|10:30:23  |GOOGL           |SELL            |            1000|       102.39000|          315899|        7000
2022-10-05|10:56:39  |META            |SELL            |             800|       127.55000|          459863|        6000
2022-10-05|10:30:18  |AMZN            |SELL_SHORT      |             900|       125.38000|          314901|        2000
2022-10-05|10:32:06  |SPY             |SELL_SHORT      |             800|       384.95000|          323830|        3000
2022-10-05|10:44:26  |AMZN            |BUY             |            1000|       130.95000|          393971|        3000
2022-10-05|09:35:53  |GOOG            |BUY             |             900|       103.98000|           36095|        2000
2022-10-05|10:10:35  |F               |BUY             |             400|        11.85000|          211722|        3000
2022-10-05|10:08:55  |F               |BUY             |             800|        11.89000|          203819|        8000
2022-10-05|10:40:00  |AAPL            |BUY             |             500|       138.00000|          366223|        8000
2022-10-05|09:35:17  |AMD             |SELL            |             200|        65.63000|           31420|        6000
2022-10-05|10:05:42  |AMD             |SELL            |             300|        65.71000|          181800|        9000
2022-10-05|10:23:58  |AAPL            |SELL_SHORT      |             600|       140.15000|          280017|        7000
2022-10-05|10:19:23  |META            |SELL            |             300|       129.35000|          257990|        6000
2022-10-05|10:09:46  |AAPL            |SELL_SHORT      |             200|       143.17000|          208438|       10000
2022-10-05|09:59:06  |MSFT            |SELL_SHORT      |             400|       252.17000|          152478|        7000
2022-10-05|09:51:45  |TSLA            |BUY             |             200|       237.91000|          118214|        1000
2022-10-05|10:29:43  |AMD             |BUY             |             600|        67.63000|          310442|        4000
2022-10-05|10:10:57  |TSLA            |SELL            |             900|       234.83000|          212617|        2000
2022-10-05|10:43:49  |TSLA            |BUY             |             800|       226.89000|          389629|        5000
2022-10-05|10:13:20  |AMZN            |BUY             |             500|       123.59000|          225056|        8000
2022-10-05|11:00:28  |GOOG            |SELL_SHORT      |             800|        98.52000|          481780|        9000
2022-10-05|10:22:36  |F               |BUY             |            1000|        11.76000|          275040|        6000
2022-10-05|10:47:21  |AMD             |SELL            |             800|        67.56000|          411423|        6000
2022-10-05|10:26:31  |AMZN            |SELL_SHORT      |             800|       127.58000|          292226|        8000
2022-10-05|10:47:30  |GOOG            |BUY             |             900|        98.34000|          411549|        3000
2022-10-05|10:16:11  |SPY             |SELL_SHORT      |             200|       381.75000|          241319|        3000
2022-10-05|09:40:14  |AMZN            |SELL_SHORT      |             200|       122.17000|           57420|        8000
2022-10-05|09:31:36  |GOOG            |BUY             |             900|       103.09000|            9674|        4000
2022-10-05|10:10:10  |GOOG            |SELL_SHORT      |             700|       102.93000|          210557|        9000
2022-10-05|10:29:34  |F               |SELL            |             400|        11.72000|          310296|        6000
2022-10-05|10:50:44  |AAPL            |SELL_SHORT      |             700|       136.99000|          433725|        7000
2022-10-05|09:50:56  |GOOGL           |BUY             |             200|       100.05000|          112863|        5000
2022-10-05|09:57:41  |AAPL            |SELL_SHORT      |             900|       142.02000|          144465|        5000
2022-10-05|09:58:36  |GOOGL           |SELL            |             900|       100.04000|          150041|        4000
2022-10-05|10:45:57  |TSLA            |BUY             |             900|       225.84000|          403012|        8000
2022-10-05|09:56:01  |MSFT            |BUY             |             200|       254.55000|          136444|        7000
2022-10-05|10:02:43  |SPY             |SELL_SHORT      |             300|       366.31000|          172641|        8000
2022-10-05|09:32:30  |AMZN            |BUY             |             200|       122.19000|           17362|        5000
2022-10-05|09:32:46  |AAPL            |BUY             |             800|       148.74000|           19121|        9000
2022-10-05|11:00:43  |MSFT            |BUY             |             900|       263.82000|          483432|        6000
2022-10-05|10:56:05  |MSFT            |SELL_SHORT      |             700|       262.52000|          458146|        7000
2022-10-05|10:21:59  |TSLA            |SELL            |             800|       230.42000|          272824|        8000
2022-10-05|09:52:26  |F               |SELL            |             500|        12.43000|          121819|        1000
2022-10-05|10:04:37  |MSFT            |BUY             |             800|       252.96000|          179621|        5000
2022-10-05|09:44:56  |AMZN            |BUY             |             200|       121.87000|           78776|        3000
2022-10-05|09:37:37  |AMZN            |SELL_SHORT      |             800|       120.75000|           44136|        9000
2022-10-05|09:45:13  |GOOGL           |BUY             |             600|       101.36000|           80384|        5000
2022-10-05|10:44:41  |AAPL            |BUY             |             900|       138.31000|          395648|        8000
2022-10-05|10:53:43  |MSFT            |BUY             |            1000|       259.79000|          446652|        1000
2022-10-05|10:55:58  |META            |SELL            |             400|       126.02000|          457840|       10000
2022-10-05|10:33:02  |AAPL            |BUY             |             800|       135.95000|          328544|        9000
2022-10-05|09:31:26  |F               |BUY             |             900|        12.28000|            9490|        3000
2022-10-05|10:55:17  |GOOGL           |BUY             |             600|       101.65000|          453630|        5000
2022-10-05|10:25:02  |AAPL            |SELL_SHORT      |             100|       139.48000|          285103|        2000
2022-10-05|09:49:51  |SPY             |BUY             |             200|       377.77000|          106530|       10000
2022-10-05|09:52:37  |AAPL            |SELL_SHORT      |             900|       140.76000|          122290|        2000
2022-10-05|10:22:05  |MSFT            |SELL_SHORT      |             400|       254.61000|          273633|        3000
2022-10-05|09:43:04  |AMD             |SELL            |             300|        65.50000|           69865|        8000
2022-10-05|10:45:52  |AMZN            |BUY             |             400|       132.03000|          402674|        8000
2022-10-05|10:29:07  |GOOGL           |BUY             |             100|       101.65000|          308118|       10000
2022-10-05|10:07:39  |AMZN            |BUY             |             300|       123.25000|          193541|        2000
2022-10-05|10:18:26  |SPY             |BUY             |             700|       381.01000|          253965|        7000
2022-10-05|09:52:25  |AMZN            |BUY             |             800|       124.50000|          121321|        3000
2022-10-05|10:51:17  |TSLA            |BUY             |             100|       228.67000|          437259|        4000
2022-10-05|09:35:35  |AMD             |SELL            |            1000|        65.36000|           34278|        2000
2022-10-05|10:21:50  |GOOG            |SELL_SHORT      |             300|       102.13000|          270965|        4000
2022-10-05|10:08:53  |AMZN            |SELL_SHORT      |             500|       123.36000|          203121|        1000
2022-10-05|10:38:51  |GOOG            |BUY             |             300|        99.62000|          358797|        6000
2022-10-05|10:09:18  |AMZN            |SELL_SHORT      |             900|       123.03000|          205760|        5000
2022-10-05|10:52:34  |AMZN            |BUY             |             300|       133.25000|          440940|        6000
2022-10-05|09:42:51  |TSLA            |BUY             |            1000|       238.24000|           67847|        6000
2022-10-05|10:44:28  |GOOG            |BUY             |            1000|        99.21000|          394175|        1000
2022-10-05|09:57:55  |TSLA            |SELL            |            1000|       234.93000|          146502|        1000
2022-10-05|10:21:18  |AMZN            |BUY             |             700|       126.09000|          266986|        5000
2022-10-05|10:53:53  |AMD             |BUY             |             700|        67.05000|          447686|        2000
2022-10-05|10:41:32  |META            |BUY             |             600|       128.36000|          374940|        3000
2022-10-05|11:00:15  |TSLA            |SELL            |             200|       229.70000|          481315|        2000
2022-10-05|10:03:37  |META            |BUY             |             100|       133.92000|          175429|        4000
2022-10-05|11:01:29  |AAPL            |SELL_SHORT      |             100|       139.89000|          488762|        8000
2022-10-05|10:19:49  |AAPL            |BUY             |             900|       142.41000|          259618|        4000
2022-10-05|10:08:00  |MSFT            |SELL_SHORT      |             700|       249.71000|          195339|        4000
2022-10-05|10:19:15  |SPY             |SELL_SHORT      |             500|       384.81000|          257087|        9000
2022-10-05|09:45:47  |GOOGL           |BUY             |             400|       101.88000|           85125|        6000
2022-10-05|09:41:09  |AAPL            |SELL_SHORT      |             100|       147.61000|           60459|        2000
2022-10-05|09:45:05  |F               |BUY             |            1000|        12.38000|           79504|        7000
2022-10-05|10:00:14  |META            |SELL            |             100|       132.79000|          156990|        2000
2022-10-05|10:08:36  |GOOG            |BUY             |             400|       103.08000|          200834|        3000
2022-10-05|10:16:13  |SPY             |SELL_SHORT      |             300|       382.78000|          241339|        9000
2022-10-05|09:57:34  |MSFT            |SELL_SHORT      |             800|       252.43000|          142742|       10000
2022-10-05|10:01:55  |AAPL            |BUY             |             300|       143.58000|          168170|        9000
2022-10-05|10:38:52  |AAPL            |SELL_SHORT      |             300|       137.97000|          359049|        1000
2022-10-05|09:55:24  |F               |SELL            |             600|        12.37000|          132559|        5000
2022-10-05|09:52:28  |AAPL            |BUY             |             500|       141.76000|          122159|        4000
2022-10-05|10:00:55  |GOOG            |SELL_SHORT      |             900|       100.96000|          161122|        1000
2022-10-05|09:39:52  |META            |SELL            |             800|       139.61000|           55448|        7000
2022-10-05|10:03:25  |AMZN            |BUY             |             800|       122.88000|          174523|        8000
2022-10-05|09:43:14  |SPY             |SELL_SHORT      |             300|       374.89000|           70720|        4000
2022-10-05|10:49:39  |GOOG            |SELL_SHORT      |             300|        98.64000|          426105|       10000
2022-10-05|10:23:30  |SPY             |BUY             |             600|       387.78000|          278450|        3000
2022-10-05|10:30:13  |META            |BUY             |             100|       127.91000|          314462|        8000
2022-10-05|10:11:26  |TSLA            |BUY             |             800|       236.99000|          215706|        5000
2022-10-05|10:58:47  |GOOG            |BUY             |             600|        98.01000|          471525|        7000
2022-10-05|10:41:10  |AMD             |SELL            |             100|        67.77000|          373762|        2000
2022-10-05|10:51:36  |SPY             |BUY             |             100|       380.68000|          438223|        8000
2022-10-05|10:31:58  |SPY             |BUY             |             200|       384.43000|          323672|        8000
2022-10-05|09:48:56  |SPY             |BUY             |             900|       379.52000|          103139|        1000
2022-10-05|10:39:26  |AMD             |BUY             |             700|        68.04000|          362958|        2000
2022-10-05|11:00:24  |F               |BUY             |             300|        11.46000|          481474|        6000
2022-10-05|09:40:49  |AMZN            |BUY             |            1000|       120.07000|           59336|        1000
2022-10-05|11:00:11  |AMD             |SELL            |             700|        65.55000|          480684|        8000
2022-10-05|10:49:55  |GOOGL           |SELL            |             800|       100.17000|          426711|        3000
2022-10-05|10:52:01  |AAPL            |BUY             |             700|       138.61000|          439187|        3000
2022-10-05|10:59:36  |GOOG            |BUY             |            1000|        98.32000|          478087|        9000
2022-10-05|10:52:05  |AMZN            |BUY             |             700|       133.14000|          439442|        7000
2022-10-05|09:39:27  |META            |BUY             |             300|       138.60000|           51687|        3000
2022-10-05|11:01:02  |MSFT            |SELL_SHORT      |             400|       262.65000|          485976|        8000
2022-10-05|09:33:38  |META            |SELL            |             200|       138.68000|           23743|        8000
2022-10-05|11:00:34  |AMD             |BUY             |             500|        65.36000|          482970|        5000
2022-10-05|09:55:04  |AMZN            |BUY             |             800|       125.69000|          131550|        4000
2022-10-05|10:20:53  |TSLA            |BUY             |             600|       230.77000|          264115|        3000
2022-10-05|10:36:11  |AAPL            |SELL_SHORT      |             900|       137.50000|          344238|        7000
2022-10-05|09:30:22  |AMZN            |BUY             |            1000|       121.16000|            4253|        3000
2022-10-05|10:14:34  |F               |SELL            |             400|        11.64000|          233554|        1000
2022-10-05|10:55:07  |GOOG            |BUY             |             100|        98.17000|          453287|        9000
2022-10-05|10:59:46  |SPY             |SELL_SHORT      |             700|       375.69000|          478798|        8000
2022-10-05|09:37:02  |AAPL            |SELL_SHORT      |             200|       147.03000|           41781|        8000
2022-10-05|09:44:08  |MSFT            |SELL_SHORT      |             200|       244.88000|           73521|        3000
2022-10-05|09:34:54  |AAPL            |BUY             |             600|       147.84000|           30248|       10000
2022-10-05|10:46:20  |TSLA            |BUY             |            1000|       226.32000|          405341|        6000
2022-10-05|10:48:15  |F               |SELL            |             400|        11.35000|          414217|        5000
2022-10-05|10:17:59  |TSLA            |SELL            |             500|       232.09000|          249686|        4000
2022-10-05|09:47:33  |AMZN            |BUY             |             100|       121.85000|           93792|        8000
2022-10-05|09:48:40  |SPY             |BUY             |             600|       378.19000|          101635|        6000
2022-10-05|10:01:56  |AAPL            |BUY             |             900|       144.08000|          169116|        4000
2022-10-05|10:44:06  |AMZN            |SELL_SHORT      |             500|       130.37000|          391830|        7000
2022-10-05|10:02:35  |F               |SELL            |             800|        12.09000|          172055|        7000
2022-10-05|10:45:06  |GOOG            |BUY             |             700|        99.67000|          398922|        3000
2022-10-05|10:50:38  |F               |BUY             |             500|        11.42000|          433100|        2000
2022-10-05|09:40:37  |AAPL            |BUY             |             500|       148.53000|           58327|       10000
2022-10-05|10:04:21  |F               |BUY             |             400|        12.09000|          178079|        1000
2022-10-05|10:48:17  |SPY             |BUY             |             900|       381.67000|          415151|        5000
2022-10-05|10:28:24  |SPY             |BUY             |             900|       386.08000|          303305|        9000
2022-10-05|10:52:58  |GOOGL           |BUY             |             200|       100.42000|          443039|        1000
2022-10-05|10:56:56  |GOOGL           |BUY             |             400|       102.61000|          461278|        8000
2022-10-05|09:32:36  |SPY             |BUY             |             800|       377.69000|           18158|        5000
2022-10-05|10:21:57  |MSFT            |BUY             |             800|       252.15000|          272044|        8000
2022-10-05|10:21:36  |TSLA            |BUY             |             300|       229.77000|          269236|        3000
2022-10-05|10:12:16  |TSLA            |SELL            |             800|       233.02000|          220325|        8000
2022-10-05|09:53:58  |GOOG            |BUY             |             200|       102.18000|          128323|        6000
2022-10-05|10:38:19  |MSFT            |BUY             |            1000|       253.56000|          356236|        8000
2022-10-05|10:18:57  |TSLA            |BUY             |             200|       232.36000|          255639|        6000
2022-10-05|10:22:51  |AAPL            |SELL_SHORT      |             100|       139.58000|          276739|        1000
2022-10-05|09:31:46  |AAPL            |BUY             |             700|       146.86000|           11323|        8000
2022-10-05|10:43:26  |GOOGL           |BUY             |             400|        99.47000|          387116|        2000
2022-10-05|10:53:38  |MSFT            |SELL_SHORT      |             100|       260.09000|          446113|        1000
2022-10-05|10:35:49  |GOOG            |SELL_SHORT      |             200|       101.00000|          341557|        6000
2022-10-05|10:45:15  |GOOG            |SELL_SHORT      |             800|        98.26000|          399274|        9000
2022-10-05|09:53:48  |MSFT            |SELL_SHORT      |             600|       252.04000|          127710|        5000
2022-10-05|10:49:59  |META            |SELL            |             500|       127.45000|          426887|        2000
2022-10-05|10:36:10  |TSLA            |BUY             |             200|       228.56000|          343474|        8000
2022-10-05|09:33:41  |GOOG            |BUY             |             900|       103.38000|           23978|        6000
2022-10-05|10:53:11  |GOOGL           |BUY             |             400|        99.76000|          444267|        1000
2022-10-05|09:34:41  |MSFT            |BUY             |             800|       243.56000|           28303|        8000
2022-10-05|10:26:45  |TSLA            |BUY             |             500|       229.97000|          294228|       10000
2022-10-05|09:52:03  |META            |BUY             |             500|       134.41000|          119629|        7000
2022-10-05|10:26:14  |MSFT            |BUY             |             800|       255.18000|          290130|        7000
2022-10-05|10:07:32  |MSFT            |BUY             |             800|       250.18000|          192623|        3000
2022-10-05|10:04:52  |MSFT            |BUY             |             700|       253.27000|          180406|        6000
2022-10-05|10:44:53  |META            |BUY             |             100|       126.88000|          397426|        1000
2022-10-05|09:35:22  |AAPL            |SELL_SHORT      |             200|       147.11000|           32702|        9000
2022-10-05|10:07:04  |TSLA            |SELL            |             300|       237.62000|          188686|        8000
2022-10-05|09:53:38  |GOOG            |SELL_SHORT      |            1000|       102.48000|          126828|        4000
2022-10-05|10:31:12  |MSFT            |SELL_SHORT      |             100|       254.57000|          319583|        1000
2022-10-05|10:18:37  |AAPL            |SELL_SHORT      |             300|       141.81000|          255386|        6000
2022-10-05|10:25:41  |SPY             |SELL_SHORT      |             700|       384.70000|          287275|        8000
2022-10-05|10:29:18  |AMZN            |SELL_SHORT      |             400|       125.10000|          309568|       10000
2022-10-05|10:24:30  |GOOG            |SELL_SHORT      |             300|       101.83000|          283091|       10000
2022-10-05|10:46:38  |META            |BUY             |             700|       126.43000|          407040|        4000
2022-10-05|10:33:17  |GOOGL           |BUY             |             500|       101.86000|          330353|       10000
2022-10-05|09:36:21  |TSLA            |SELL            |            1000|       239.48000|           37541|        5000
2022-10-05|10:44:13  |MSFT            |BUY             |             100|       259.30000|          392046|        5000
2022-10-05|11:00:49  |AMD             |BUY             |             300|        65.50000|          484144|        7000
2022-10-05|10:52:51  |GOOG            |SELL_SHORT      |             900|        97.63000|          442696|        7000
2022-10-05|09:52:21  |MSFT            |BUY             |             100|       248.20000|          121201|        6000
2022-10-05|09:47:55  |GOOG            |BUY             |             400|       104.01000|           96136|        7000
2022-10-05|10:23:13  |GOOG            |BUY             |             700|       101.56000|          277994|       10000
2022-10-05|10:42:56  |F               |BUY             |             300|        11.44000|          384765|        3000
2022-10-05|10:46:08  |F               |BUY             |             600|        11.39000|          404358|        6000
2022-10-05|10:54:01  |MSFT            |SELL_SHORT      |             600|       262.28000|          448919|        4000
2022-10-05|10:19:42  |AMZN            |BUY             |             700|       126.18000|          258652|        8000
2022-10-05|10:37:08  |META            |SELL            |             600|       128.51000|          349728|        5000
2022-10-05|09:38:05  |GOOG            |SELL_SHORT      |             400|       103.24000|           46046|        9000
2022-10-05|10:50:33  |F               |SELL            |             200|        11.43000|          432506|        7000
2022-10-05|10:34:52  |AMZN            |SELL_SHORT      |             600|       126.11000|          337768|        7000
2022-10-05|09:42:55  |SPY             |SELL_SHORT      |             400|       374.33000|           67909|        9000
2022-10-05|10:01:13  |AMD             |BUY             |             200|        66.31000|          163957|        5000
2022-10-05|09:37:18  |AAPL            |SELL_SHORT      |             400|       147.80000|           42541|        5000
2022-10-05|09:55:21  |SPY             |BUY             |             300|       375.06000|          132296|        7000
2022-10-05|10:12:32  |TSLA            |BUY             |             100|       232.88000|          221949|        7000
2022-10-05|10:46:42  |AAPL            |SELL_SHORT      |             900|       136.77000|          407054|        1000
2022-10-05|10:17:42  |GOOGL           |SELL            |             300|       101.50000|          247855|       10000
2022-10-05|10:38:57  |GOOG            |SELL_SHORT      |             900|        99.43000|          360253|        9000
2022-10-05|10:59:23  |META            |SELL            |             100|       129.26000|          476892|        4000
2022-10-05|09:35:20  |AAPL            |SELL_SHORT      |             700|       146.76000|           31801|        3000
2022-10-05|10:25:07  |F               |BUY             |            1000|        11.76000|          285322|        4000
2022-10-05|10:17:26  |META            |SELL            |             700|       130.74000|          245998|        1000
2022-10-05|10:53:30  |GOOGL           |SELL            |             800|       100.26000|          445220|        4000
2022-10-05|10:21:43  |TSLA            |SELL            |             800|       231.34000|          270235|        7000
2022-10-05|10:35:26  |AAPL            |SELL_SHORT      |             800|       137.25000|          339971|        8000
2022-10-05|10:30:38  |MSFT            |BUY             |            1000|       253.76000|          316655|        4000
2022-10-05|10:49:34  |MSFT            |BUY             |             300|       259.41000|          425120|        6000
2022-10-05|10:50:18  |SPY             |BUY             |            1000|       375.88000|          429943|        2000
2022-10-05|11:00:53  |TSLA            |SELL            |             900|       230.03000|          484588|        2000
2022-10-05|10:37:52  |SPY             |BUY             |             800|       380.12000|          352906|        5000
2022-10-05|09:51:31  |AMD             |BUY             |            1000|        65.24000|          117596|        1000
2022-10-05|09:31:02  |GOOGL           |SELL            |             500|       101.86000|            7693|       10000
2022-10-05|09:35:24  |META            |SELL            |             800|       138.75000|           33256|        5000
2022-10-05|10:30:02  |AMZN            |BUY             |             800|       125.63000|          312957|        7000
2022-10-05|10:34:04  |SPY             |SELL_SHORT      |             600|       380.43000|          335320|        8000
2022-10-05|10:27:23  |SPY             |BUY             |             100|       385.41000|          298816|        1000
2022-10-05|10:28:56  |META            |BUY             |             100|       128.34000|          306826|        5000
2022-10-05|10:32:54  |META            |BUY             |            1000|       128.58000|          327157|        6000
2022-10-05|09:31:13  |META            |SELL            |             400|       139.44000|            8442|        8000
2022-10-05|10:14:28  |AAPL            |SELL_SHORT      |             100|       142.97000|          232657|        9000
2022-10-05|10:27:48  |SPY             |BUY             |             800|       386.37000|          299838|        5000
2022-10-05|09:54:08  |GOOG            |BUY             |             500|       102.32000|          128479|       10000
2022-10-05|10:17:06  |GOOGL           |BUY             |             700|       102.47000|          244842|        2000
2022-10-05|10:52:35  |SPY             |BUY             |             900|       380.06000|          441207|        4000
2022-10-05|10:38:03  |F               |SELL            |            1000|        11.51000|          354283|        1000
2022-10-05|10:01:45  |F               |BUY             |             100|        12.07000|          167947|        4000
2022-10-05|10:03:05  |META            |SELL            |             400|       132.50000|          174024|        5000
2022-10-05|10:37:48  |AAPL            |BUY             |             700|       137.81000|          352817|        7000
2022-10-05|10:44:02  |AAPL            |BUY             |             400|       138.29000|          390949|        7000
2022-10-05|09:30:40  |AMD             |SELL            |             300|        67.51000|            5498|        8000
2022-10-05|10:32:31  |AMZN            |SELL_SHORT      |             900|       127.40000|          325148|        1000
2022-10-05|10:21:38  |SPY             |SELL_SHORT      |             100|       389.50000|          269293|        6000
2022-10-05|10:49:06  |GOOGL           |SELL            |             300|       100.82000|          421581|        5000
2022-10-05|10:36:30  |AMD             |BUY             |             700|        67.77000|          345385|       10000
2022-10-05|10:22:41  |SPY             |SELL_SHORT      |             500|       390.28000|          275490|        8000
2022-10-05|10:24:54  |GOOGL           |SELL            |             200|       101.22000|          284744|        7000
2022-10-05|10:31:35  |GOOGL           |BUY             |             500|       101.46000|          321830|        8000
2022-10-05|10:03:03  |TSLA            |SELL            |             700|       238.63000|          174015|        9000
2022-10-05|10:54:30  |GOOG            |BUY             |             500|        98.10000|          450402|        8000
2022-10-05|10:21:30  |F               |SELL            |             200|        11.74000|          267933|        3000
2022-10-05|10:08:05  |F               |BUY             |             400|        11.96000|          196105|       10000
2022-10-05|10:33:41  |AMZN            |BUY             |             300|       126.85000|          332868|        9000
2022-10-05|10:24:39  |AMZN            |BUY             |             100|       126.93000|          283092|        5000
2022-10-05|10:39:51  |GOOG            |BUY             |            1000|        99.19000|          365437|        6000
2022-10-05|09:39:33  |AAPL            |SELL_SHORT      |             500|       149.80000|           52643|        3000
2022-10-05|10:26:37  |GOOG            |SELL_SHORT      |             200|       101.69000|          293785|        1000
2022-10-05|10:50:40  |MSFT            |SELL_SHORT      |             700|       260.26000|          433571|       10000
2022-10-05|09:59:54  |META            |BUY             |             100|       133.06000|          155340|        6000
2022-10-05|09:59:11  |META            |BUY             |             500|       132.99000|          153033|        7000
2022-10-05|10:39:15  |AAPL            |BUY             |            1000|       138.25000|          361811|        1000
2022-10-05|09:59:34  |AMD             |BUY             |             500|        66.23000|          154148|        3000
2022-10-05|10:37:31  |GOOG            |SELL_SHORT      |             100|       100.97000|          351737|        1000
2022-10-05|10:38:44  |SPY             |SELL_SHORT      |             400|       377.98000|          358157|        1000
2022-10-05|10:41:46  |F               |SELL            |            1000|        11.47000|          376369|        8000
2022-10-05|10:17:15  |GOOG            |SELL_SHORT      |            1000|       103.31000|          245073|        7000
2022-10-05|10:06:57  |META            |SELL            |            1000|       132.44000|          188379|        1000
2022-10-05|10:44:45  |AAPL            |SELL_SHORT      |             800|       136.27000|          396310|        9000
2022-10-05|09:43:25  |AMD             |BUY             |             500|        65.87000|           71007|        1000
2022-10-05|09:57:14  |META            |SELL            |             400|       134.46000|          141585|        5000
2022-10-05|10:03:57  |AMZN            |SELL_SHORT      |             300|       122.80000|          176472|        9000
2022-10-05|10:14:04  |SPY             |SELL_SHORT      |             600|       372.53000|          227904|       10000
2022-10-05|10:08:52  |TSLA            |SELL            |             700|       235.71000|          202783|        4000
2022-10-05|10:54:22  |GOOGL           |BUY             |             500|       100.29000|          449912|       10000
2022-10-05|09:40:29  |F               |BUY             |            1000|        12.28000|           57773|        3000
2022-10-05|09:45:26  |AMZN            |SELL_SHORT      |             900|       121.00000|           82397|        6000
2022-10-05|10:32:13  |MSFT            |BUY             |             700|       254.74000|          324701|        9000
2022-10-05|10:20:01  |AAPL            |BUY             |             500|       141.00000|          260175|        6000
2022-10-05|10:22:43  |MSFT            |BUY             |             900|       257.12000|          276430|        4000
2022-10-05|10:16:40  |TSLA            |BUY             |             600|       232.34000|          242206|        8000
2022-10-05|10:47:57  |TSLA            |SELL            |             300|       228.93000|          413550|       10000
2022-10-05|10:26:26  |TSLA            |BUY             |             600|       232.28000|          291743|       10000
2022-10-05|10:40:48  |META            |BUY             |             600|       127.21000|          369674|        8000
2022-10-05|10:06:26  |AMD             |BUY             |             600|        66.19000|          187110|        4000
2022-10-05|10:59:32  |GOOGL           |SELL            |             700|       101.10000|          477697|        6000
2022-10-05|10:20:23  |TSLA            |BUY             |             400|       232.19000|          261241|        4000
2022-10-05|10:41:08  |AAPL            |BUY             |             200|       137.32000|          373479|        4000
2022-10-05|10:52:43  |META            |BUY             |             700|       126.94000|          441962|       10000
2022-10-05|09:44:31  |TSLA            |SELL            |             900|       238.90000|           75537|       10000
2022-10-05|10:17:37  |GOOG            |BUY             |            1000|       101.81000|          247242|        5000
2022-10-05|10:19:06  |META            |SELL            |             900|       130.40000|          256617|        2000
2022-10-05|10:05:03  |AAPL            |SELL_SHORT      |             300|       143.46000|          181144|        3000
2022-10-05|09:33:15  |GOOG            |SELL_SHORT      |             200|       103.94000|           21475|        7000
2022-10-05|09:31:03  |META            |BUY             |            1000|       139.64000|            7704|        9000
2022-10-05|09:50:07  |GOOGL           |BUY             |             200|       100.10000|          108696|        1000
2022-10-05|10:51:28  |META            |BUY             |             400|       127.34000|          437905|        3000
2022-10-05|09:56:06  |TSLA            |SELL            |             100|       234.53000|          136787|        4000
2022-10-05|10:54:59  |SPY             |BUY             |             800|       375.77000|          452474|        1000
2022-10-05|10:57:00  |MSFT            |SELL_SHORT      |             800|       262.31000|          461725|        5000
2022-10-05|09:49:15  |GOOGL           |BUY             |             200|       101.01000|          104604|        5000
2022-10-05|10:32:22  |GOOG            |SELL_SHORT      |             200|       102.05000|          324866|        8000
2022-10-05|09:55:54  |F               |SELL            |             800|        12.38000|          135150|        1000
2022-10-05|09:44:39  |F               |BUY             |             400|        12.33000|           76030|        1000
2022-10-05|10:12:14  |GOOG            |SELL_SHORT      |             100|       102.94000|          219928|        5000
2022-10-05|10:23:22  |AMD             |BUY             |             500|        67.50000|          278204|        1000
2022-10-05|09:58:21  |TSLA            |BUY             |             100|       236.38000|          149206|        4000
2022-10-05|09:51:55  |F               |SELL            |            1000|        12.49000|          119411|        6000
2022-10-05|09:55:38  |AMD             |BUY             |             800|        65.54000|          133821|        5000
2022-10-05|10:53:10  |AAPL            |SELL_SHORT      |             400|       139.55000|          443353|        7000
2022-10-05|10:04:11  |META            |BUY             |            1000|       133.53000|          176847|        8000
2022-10-05|09:49:41  |SPY             |BUY             |             100|       377.82000|          105809|        6000
2022-10-05|10:58:28  |F               |SELL            |             100|        11.44000|          468882|        6000
2022-10-05|10:16:51  |GOOG            |BUY             |            1000|       103.26000|          243372|        3000
2022-10-05|09:38:44  |META            |SELL            |             300|       139.75000|           48510|        6000
2022-10-05|10:59:16  |SPY             |SELL_SHORT      |             200|       375.96000|          476107|        4000
2022-10-05|09:54:54  |MSFT            |BUY             |             200|       254.70000|          131301|        2000
2022-10-05|09:36:48  |AMD             |BUY             |             100|        65.27000|           40656|        1000
2022-10-05|10:34:06  |GOOGL           |SELL            |             100|       102.62000|          335358|        1000
2022-10-05|09:39:51  |META            |BUY             |            1000|       139.51000|           54881|        6000
2022-10-05|10:35:13  |MSFT            |SELL_SHORT      |             500|       253.67000|          338736|        4000
2022-10-05|10:06:00  |TSLA            |BUY             |             900|       238.80000|          184367|       10000
2022-10-05|09:47:29  |AMD             |SELL            |             200|        65.27000|           92271|        3000
2022-10-05|10:13:12  |AMZN            |SELL_SHORT      |             200|       123.00000|          224144|        2000
2022-10-05|10:28:44  |AAPL            |SELL_SHORT      |             800|       137.01000|          304479|        3000
2022-10-05|10:01:03  |GOOG            |SELL_SHORT      |             900|       100.46000|          162154|        5000
2022-10-05|09:59:51  |GOOGL           |BUY             |             700|       100.37000|          154994|        6000
2022-10-05|10:14:52  |MSFT            |SELL_SHORT      |             600|       250.22000|          234443|        4000
2022-10-05|10:48:54  |AMD             |BUY             |            1000|        67.66000|          418523|        7000
2022-10-05|09:32:19  |GOOGL           |BUY             |             500|       102.05000|           15306|        8000
2022-10-05|10:27:13  |AMD             |SELL            |             900|        67.51000|          298562|        8000
2022-10-05|10:55:46  |META            |SELL            |             300|       126.18000|          456136|        1000
2022-10-05|10:22:13  |TSLA            |SELL            |             300|       229.92000|          274338|        9000
2022-10-05|09:44:29  |F               |SELL            |             500|        12.29000|           74902|        9000
2022-10-05|09:39:59  |AAPL            |SELL_SHORT      |             800|       148.24000|           56157|        1000
2022-10-05|09:45:56  |SPY             |BUY             |             100|       377.29000|           85811|        3000
2022-10-05|10:05:47  |GOOG            |BUY             |             200|       101.96000|          183435|        6000
2022-10-05|10:54:46  |META            |BUY             |             800|       127.14000|          451088|        8000
2022-10-05|10:30:56  |AMZN            |BUY             |             200|       126.82000|          318160|        8000
2022-10-05|10:19:21  |AAPL            |SELL_SHORT      |             500|       141.88000|          257191|        9000
2022-10-05|10:49:11  |SPY             |BUY             |             600|       378.87000|          421990|        5000
2022-10-05|10:06:13  |META            |BUY             |             800|       132.84000|          185560|        5000
2022-10-05|10:10:27  |AMZN            |BUY             |             200|       122.73000|          211476|        1000
2022-10-05|10:13:24  |GOOG            |BUY             |             500|       103.31000|          226021|        7000
2022-10-05|10:40:21  |GOOGL           |SELL            |             600|       100.62000|          366883|        9000
2022-10-05|10:10:01  |TSLA            |SELL            |             300|       235.59000|          209404|        9000
2022-10-05|09:33:05  |TSLA            |SELL            |             500|       243.44000|           20608|        2000
2022-10-05|10:50:03  |SPY             |BUY             |             600|       374.16000|          428446|        4000
2022-10-05|09:48:07  |SPY             |BUY             |             800|       374.38000|           98436|        2000
2022-10-05|10:57:02  |MSFT            |BUY             |             100|       262.21000|          462701|        5000
2022-10-05|09:30:32  |F               |BUY             |             700|        12.44000|            4874|        9000
2022-10-05|10:31:05  |GOOGL           |SELL            |             400|       101.85000|          318432|        3000
2022-10-05|10:29:59  |SPY             |BUY             |            1000|       386.51000|          311380|        4000
2022-10-05|10:34:40  |AMZN            |BUY             |             500|       126.81000|          336913|       10000
2022-10-05|10:26:36  |AAPL            |SELL_SHORT      |             400|       139.43000|          292801|        9000
2022-10-05|09:54:34  |AAPL            |SELL_SHORT      |             100|       142.28000|          130160|        4000
2022-10-05|09:36:52  |F               |BUY             |             500|        12.30000|           41423|        2000
2022-10-05|10:42:51  |SPY             |BUY             |            1000|       382.29000|          383465|        1000
2022-10-05|10:32:57  |SPY             |SELL_SHORT      |             900|       382.17000|          328061|        2000
2022-10-05|10:41:42  |GOOG            |SELL_SHORT      |             900|        99.79000|          375700|        2000
2022-10-05|10:34:01  |META            |SELL            |             600|       127.92000|          334760|       10000
2022-10-05|10:43:58  |META            |SELL            |             500|       126.82000|          390851|        3000
2022-10-05|09:47:40  |SPY             |BUY             |             100|       376.97000|           93930|       10000
2022-10-05|10:42:34  |TSLA            |BUY             |            1000|       228.27000|          381236|        8000
2022-10-05|09:45:43  |F               |SELL            |             100|        12.47000|           84199|        2000
2022-10-05|10:59:49  |GOOGL           |BUY             |             800|       101.13000|          479028|        9000
2022-10-05|10:36:54  |AMD             |BUY             |             600|        67.85000|          348074|        9000
2022-10-05|10:52:46  |AMZN            |SELL_SHORT      |             700|       133.78000|          442250|        9000
2022-10-05|09:42:33  |GOOGL           |SELL            |             100|       101.40000|           66528|       10000
2022-10-05|10:02:20  |SPY             |BUY             |            1000|       366.76000|          171222|        5000
2022-10-05|10:13:49  |F               |SELL            |             300|        11.75000|          226581|        6000
2022-10-05|10:54:11  |AMD             |SELL            |             800|        66.94000|          449236|        8000
2022-10-05|10:01:27  |TSLA            |SELL            |             400|       237.73000|          165781|        8000
2022-10-05|09:58:11  |SPY             |BUY             |             700|       374.26000|          148788|        6000
2022-10-05|10:05:36  |SPY             |BUY             |             300|       365.19000|          181745|        1000
2022-10-05|10:21:02  |GOOGL           |BUY             |             600|       100.96000|          264770|        3000
2022-10-05|10:08:25  |MSFT            |SELL_SHORT      |             200|       250.42000|          200194|        5000
2022-10-05|09:48:22  |GOOG            |BUY             |             700|       104.01000|          100013|        8000
2022-10-05|10:41:26  |META            |BUY             |             900|       127.56000|          374889|        3000
2022-10-05|09:35:25  |SPY             |BUY             |            1000|       380.19000|           33860|        2000
2022-10-05|09:31:09  |AMD             |SELL            |             600|        67.14000|            7896|        6000
2022-10-05|09:50:59  |F               |BUY             |             100|        12.51000|          113709|        7000
2022-10-05|10:00:05  |AMZN            |SELL_SHORT      |             100|       123.02000|          156713|        2000
2022-10-05|10:08:39  |GOOGL           |SELL            |             300|       101.67000|          201453|        1000
2022-10-05|10:40:34  |META            |SELL            |             700|       127.88000|          367377|        7000
2022-10-05|10:51:04  |GOOG            |BUY             |             300|        97.92000|          434841|        8000
2022-10-05|10:11:18  |SPY             |SELL_SHORT      |             700|       370.81000|          215446|       10000
2022-10-05|09:43:38  |META            |SELL            |             700|       138.90000|           71990|        5000
2022-10-05|09:45:14  |META            |BUY             |             700|       137.99000|           80579|        9000
2022-10-05|10:08:09  |META            |BUY             |             300|       132.63000|          198482|        9000
2022-10-05|10:35:05  |F               |BUY             |             700|        11.61000|          338673|        4000
2022-10-05|09:48:13  |AAPL            |BUY             |             400|       143.64000|           98877|        7000
2022-10-05|10:21:51  |SPY             |SELL_SHORT      |            1000|       390.49000|          271441|        9000
2022-10-05|09:47:06  |AAPL            |SELL_SHORT      |             600|       145.22000|           91263|        5000
2022-10-05|09:52:39  |MSFT            |SELL_SHORT      |             600|       249.71000|          122426|        6000
2022-10-05|10:08:35  |META            |SELL            |            1000|       133.11000|          200615|        6000
2022-10-05|09:51:17  |MSFT            |SELL_SHORT      |             400|       247.44000|          116798|       10000
2022-10-05|10:59:00  |GOOGL           |BUY             |             900|       101.60000|          473762|        4000
2022-10-05|10:39:02  |MSFT            |BUY             |             200|       252.96000|          360833|        2000
2022-10-05|09:52:42  |GOOG            |SELL_SHORT      |             100|       102.26000|          122952|        1000
2022-10-05|10:14:44  |TSLA            |SELL            |             200|       231.83000|          234039|        4000
2022-10-05|10:21:11  |SPY             |SELL_SHORT      |             400|       381.79000|          265705|        2000
2022-10-05|10:31:29  |MSFT            |SELL_SHORT      |            1000|       256.34000|          321103|        2000
2022-10-05|10:33:11  |F               |BUY             |             700|        11.73000|          329535|        7000
2022-10-05|10:10:51  |F               |BUY             |             400|        11.77000|          212272|       10000
2022-10-05|09:47:26  |AMZN            |SELL_SHORT      |            1000|       121.79000|           91610|        4000
2022-10-05|10:44:57  |AMZN            |BUY             |             700|       132.03000|          397802|        5000
2022-10-05|10:02:06  |AMZN            |BUY             |             300|       122.84000|          170075|        8000
2022-10-05|10:21:31  |AMZN            |SELL_SHORT      |             100|       125.66000|          267942|        3000
2022-10-05|10:57:45  |GOOGL           |SELL            |             700|       102.23000|          464938|        7000
2022-10-05|09:55:48  |AMD             |BUY             |             400|        66.31000|          134782|        9000
2022-10-05|09:41:48  |META            |BUY             |             900|       139.15000|           63944|        3000
2022-10-05|10:58:50  |TSLA            |BUY             |             500|       228.55000|          472229|        1000
2022-10-05|09:36:33  |AAPL            |SELL_SHORT      |            1000|       146.29000|           39945|        2000
2022-10-05|10:35:16  |META            |BUY             |             900|       128.07000|          339244|        4000
2022-10-05|10:39:27  |SPY             |SELL_SHORT      |             400|       380.93000|          362994|        4000
2022-10-05|10:02:16  |AAPL            |SELL_SHORT      |             400|       142.97000|          170719|        6000
2022-10-05|09:49:52  |META            |SELL            |             600|       134.21000|          107190|       10000
2022-10-05|09:48:32  |F               |SELL            |             300|        12.59000|          100235|        2000
2022-10-05|11:00:30  |AMZN            |SELL_SHORT      |             400|       135.95000|          482182|        6000
2022-10-05|09:37:59  |META            |SELL            |             800|       139.68000|           45846|        8000
2022-10-05|10:24:44  |TSLA            |SELL            |             400|       231.44000|          284020|        7000
2022-10-05|10:33:15  |GOOGL           |SELL            |             200|       101.38000|          330233|        5000
2022-10-05|10:33:52  |AAPL            |SELL_SHORT      |             500|       137.28000|          334109|        6000
2022-10-05|10:54:39  |AMD             |BUY             |             900|        67.09000|          450702|        6000
2022-10-05|10:33:31  |AMD             |SELL            |             400|        67.45000|          331868|        4000
2022-10-05|10:18:23  |SPY             |BUY             |             900|       384.03000|          253551|        4000
2022-10-05|10:12:27  |GOOGL           |BUY             |             700|       102.55000|          221903|        9000
2022-10-05|10:54:44  |SPY             |BUY             |             400|       377.85000|          450764|        2000
2022-10-05|09:42:59  |AAPL            |SELL_SHORT      |             100|       146.21000|           69599|       10000
2022-10-05|10:10:45  |META            |BUY             |            1000|       132.02000|          211810|       10000
2022-10-05|10:18:30  |AAPL            |BUY             |             500|       143.20000|          255127|        5000
2022-10-05|10:45:47  |GOOGL           |BUY             |             700|        99.97000|          402522|        9000
2022-10-05|10:50:10  |AMZN            |BUY             |             200|       133.78000|          429300|        5000
2022-10-05|10:57:24  |SPY             |BUY             |             800|       378.13000|          464028|        2000
2022-10-05|10:25:48  |F               |BUY             |             200|        11.85000|          288167|        3000
2022-10-05|10:22:58  |AAPL            |SELL_SHORT      |             700|       140.08000|          277594|        5000
2022-10-05|10:35:54  |TSLA            |SELL            |             100|       228.45000|          342060|        6000
2022-10-05|09:33:21  |META            |SELL            |             700|       139.35000|           21959|        1000
2022-10-05|10:20:12  |AMD             |SELL            |             600|        67.54000|          260697|        5000
2022-10-05|09:38:12  |AAPL            |SELL_SHORT      |             100|       147.85000|           46967|        5000
2022-10-05|10:41:07  |AMD             |BUY             |             900|        67.58000|          372742|        5000
2022-10-05|10:34:38  |GOOGL           |SELL            |             800|       101.96000|          336594|        2000
2022-10-05|09:39:22  |TSLA            |BUY             |             200|       239.80000|           51619|        2000
2022-10-05|10:07:21  |TSLA            |SELL            |            1000|       236.29000|          191254|        4000
2022-10-05|10:43:07  |META            |SELL            |             400|       127.44000|          385055|        1000
2022-10-05|09:32:04  |AMD             |BUY             |             100|        66.90000|           13960|        3000
2022-10-05|10:16:00  |MSFT            |BUY             |             200|       249.97000|          240812|        1000
2022-10-05|10:36:43  |GOOG            |BUY             |             900|       101.73000|          346581|       10000
2022-10-05|09:53:29  |MSFT            |SELL_SHORT      |             900|       251.72000|          126219|        5000
2022-10-05|10:15:53  |SPY             |SELL_SHORT      |             100|       376.96000|          240176|       10000
2022-10-05|10:06:50  |AMZN            |SELL_SHORT      |             300|       122.72000|          188150|        7000
2022-10-05|10:47:08  |META            |BUY             |             400|       127.85000|          410254|        5000
2022-10-05|10:44:25  |AMD             |SELL            |             100|        68.17000|          393412|        5000
2022-10-05|09:31:18  |F               |BUY             |             400|        12.35000|            9305|        4000
2022-10-05|09:51:37  |AMD             |BUY             |             700|        65.57000|          117640|        2000
2022-10-05|09:40:58  |META            |SELL            |             100|       139.29000|           60187|        7000
2022-10-05|10:35:25  |SPY             |SELL_SHORT      |             200|       377.37000|          339702|        7000
2022-10-05|10:26:16  |GOOG            |SELL_SHORT      |             100|       101.38000|          291012|        2000
2022-10-05|10:12:04  |GOOGL           |SELL            |             300|       102.07000|          219481|        3000
2022-10-05|09:30:11  |AMD             |BUY             |             200|        67.41000|            1465|        4000
2022-10-05|09:42:56  |AMZN            |BUY             |             500|       121.49000|           68645|        1000
2022-10-05|09:51:46  |F               |SELL            |             600|        12.53000|          118281|        6000
2022-10-05|09:44:50  |AMZN            |BUY             |             300|       121.68000|           77624|        1000
2022-10-05|11:00:59  |AAPL            |BUY             |             200|       139.08000|          485220|        2000
2022-10-05|10:23:53  |AAPL            |BUY             |             300|       140.13000|          279603|        6000
2022-10-05|10:39:39  |GOOGL           |SELL            |             100|       102.54000|          363744|        1000
2022-10-05|09:52:11  |MSFT            |BUY             |             300|       248.41000|          120484|        1000
2022-10-05|10:53:59  |MSFT            |BUY             |             300|       260.86000|          448634|       10000
2022-10-05|10:26:53  |META            |SELL            |             700|       128.12000|          295108|        1000
2022-10-05|10:25:08  |F               |SELL            |             400|        11.82000|          285555|        6000
2022-10-05|10:04:53  |GOOGL           |SELL            |             400|       101.27000|          180454|        4000
2022-10-05|09:37:12  |META            |SELL            |             700|       138.77000|           42094|        6000
2022-10-05|10:22:26  |TSLA            |SELL            |             300|       230.71000|          274918|        2000
2022-10-05|10:07:13  |AMZN            |SELL_SHORT      |             100|       123.71000|          190273|       10000
2022-10-05|09:33:12  |GOOGL           |SELL            |             700|       101.44000|           21088|       10000
2022-10-05|09:45:36  |AAPL            |SELL_SHORT      |             700|       144.55000|           83441|        1000
2022-10-05|09:56:26  |F               |SELL            |             400|        12.29000|          137448|        4000
2022-10-05|09:38:54  |TSLA            |BUY             |             700|       239.88000|           48545|        4000
2022-10-05|10:16:43  |MSFT            |SELL_SHORT      |             800|       249.86000|          242395|        2000
2022-10-05|09:54:11  |F               |BUY             |             700|        12.44000|          128676|       10000
2022-10-05|09:47:13  |META            |BUY             |             600|       135.25000|           91407|        6000
2022-10-05|09:51:21  |GOOGL           |BUY             |             900|       100.88000|          117053|        1000
2022-10-05|10:40:58  |GOOGL           |BUY             |            1000|       100.05000|          371289|        4000
2022-10-05|09:45:30  |TSLA            |BUY             |             300|       238.55000|           82684|        6000
2022-10-05|10:12:24  |AAPL            |SELL_SHORT      |             400|       142.12000|          220940|        7000
2022-10-05|10:21:13  |GOOGL           |SELL            |            1000|       101.35000|          266155|        8000
2022-10-05|10:20:29  |SPY             |BUY             |            1000|       383.50000|          261839|        6000
2022-10-05|10:14:18  |MSFT            |SELL_SHORT      |             300|       251.61000|          230481|       10000
2022-10-05|10:45:31  |F               |BUY             |             700|        11.30000|          400868|       10000
2022-10-05|10:20:43  |SPY             |BUY             |             700|       380.59000|          263141|       10000
2022-10-05|10:27:05  |AAPL            |SELL_SHORT      |             400|       138.57000|          295944|        8000
2022-10-05|10:05:20  |META            |SELL            |             100|       133.02000|          181352|        2000
2022-10-05|10:09:56  |SPY             |SELL_SHORT      |             100|       371.26000|          209193|        3000
2022-10-05|10:58:37  |AMD             |SELL            |             700|        66.03000|          469891|        3000
2022-10-05|09:50:49  |MSFT            |BUY             |             500|       250.05000|          112119|        2000
2022-10-05|10:29:52  |GOOG            |BUY             |             700|       102.38000|          310523|        3000
2022-10-05|10:30:05  |GOOGL           |SELL            |             100|       102.37000|          313823|        6000
2022-10-05|10:04:30  |GOOG            |SELL_SHORT      |             800|       101.61000|          178739|        4000
2022-10-05|10:25:26  |MSFT            |BUY             |             700|       255.56000|          286490|        3000
2022-10-05|09:56:16  |SPY             |SELL_SHORT      |            1000|       372.14000|          136989|        6000
2022-10-05|09:48:46  |GOOGL           |SELL            |             400|       101.09000|          102149|        7000
2022-10-05|10:41:19  |GOOG            |SELL_SHORT      |             700|        99.74000|          374288|        1000
2022-10-05|10:14:24  |META            |SELL            |             500|       132.27000|          231266|        8000
2022-10-05|10:58:57  |AMZN            |SELL_SHORT      |             200|       134.90000|          473503|        8000
2022-10-05|09:48:39  |GOOGL           |SELL            |             900|       101.09000|          101042|        5000
2022-10-05|10:13:40  |GOOG            |BUY             |             200|       102.79000|          226213|        1000
2022-10-05|10:49:14  |SPY             |BUY             |             400|       374.05000|          422850|       10000
2022-10-05|10:01:02  |GOOGL           |SELL            |             200|       100.54000|          161507|        4000
2022-10-05|10:44:24  |F               |BUY             |             200|        11.43000|          392748|        8000
2022-10-05|09:56:54  |AMD             |SELL            |             500|        66.60000|          139078|        5000
2022-10-05|09:43:58  |GOOG            |BUY             |             400|       103.02000|           72831|        4000
2022-10-05|10:16:52  |GOOG            |SELL_SHORT      |             400|       103.47000|          243962|        5000
2022-10-05|10:47:39  |AMZN            |BUY             |             900|       133.31000|          411756|        2000
2022-10-05|10:43:36  |SPY             |BUY             |             100|       380.79000|          387864|        8000
2022-10-05|10:41:00  |SPY             |SELL_SHORT      |             500|       378.59000|          372139|        6000
2022-10-05|10:51:05  |F               |BUY             |             400|        11.50000|          435442|        5000
2022-10-05|10:42:21  |GOOG            |BUY             |             700|        99.67000|          380073|       10000
2022-10-05|10:30:43  |AAPL            |SELL_SHORT      |             100|       135.94000|          317584|        3000
2022-10-05|10:08:40  |META            |BUY             |             300|       133.87000|          201861|        2000
2022-10-05|10:01:20  |F               |BUY             |             500|        12.02000|          164803|        2000
2022-10-05|10:00:35  |SPY             |BUY             |             400|       371.63000|          159351|        6000
2022-10-05|10:23:43  |AMZN            |SELL_SHORT      |             500|       126.57000|          279229|        9000
2022-10-05|09:42:01  |AMZN            |SELL_SHORT      |             400|       120.23000|           64070|        2000
2022-10-05|10:46:43  |AAPL            |SELL_SHORT      |             100|       137.13000|          407803|        4000
2022-10-05|10:14:26  |SPY             |BUY             |             400|       375.34000|          232185|        4000
2022-10-05|09:48:00  |GOOG            |SELL_SHORT      |            1000|       103.94000|           97990|        4000
2022-10-05|10:14:42  |AMZN            |BUY             |             600|       125.12000|          233612|        8000
2022-10-05|10:59:11  |AMD             |BUY             |             200|        65.83000|          475048|        8000
2022-10-05|09:32:56  |SPY             |BUY             |             300|       378.91000|           19129|        3000
2022-10-05|09:46:49  |F               |BUY             |             600|        12.69000|           90151|        9000
2022-10-05|10:29:29  |AMZN            |BUY             |             300|       125.04000|          309783|        2000
2022-10-05|10:08:16  |AMZN            |SELL_SHORT      |             400|       123.74000|          199296|        4000
2022-10-05|10:27:11  |SPY             |BUY             |             100|       385.06000|          297812|        9000
2022-10-05|10:40:52  |META            |BUY             |             400|       128.01000|          370451|        5000
2022-10-05|09:43:43  |F               |BUY             |             200|        12.32000|           72023|        3000
2022-10-05|10:58:03  |AMD             |BUY             |             600|        66.82000|          466855|        2000
2022-10-05|10:39:10  |GOOGL           |BUY             |             400|       102.03000|          361187|        3000
2022-10-05|09:42:43  |GOOG            |SELL_SHORT      |             600|       102.96000|           66933|        2000
2022-10-05|11:01:38  |TSLA            |BUY             |             200|       229.71000|          488825|        4000
2022-10-05|11:01:25  |GOOGL           |BUY             |             200|       100.95000|          488564|        4000
2022-10-05|10:38:11  |AAPL            |SELL_SHORT      |             900|       137.88000|          355815|        4000
2022-10-05|10:43:12  |GOOGL           |BUY             |             400|       100.01000|          385973|        1000
2022-10-05|10:51:21  |SPY             |BUY             |             100|       378.40000|          437447|        2000
2022-10-05|09:57:48  |AMZN            |BUY             |             900|       125.55000|          145675|       10000
2022-10-05|09:49:56  |GOOG            |SELL_SHORT      |            1000|       104.50000|          107674|       10000
2022-10-05|10:14:14  |META            |SELL            |             400|       132.48000|          228818|        4000
2022-10-05|10:37:35  |SPY             |SELL_SHORT      |             100|       379.63000|          352350|        2000
2022-10-05|09:34:12  |AMD             |BUY             |            1000|        66.01000|           27095|        7000
2022-10-05|09:42:20  |AMD             |BUY             |             300|        65.69000|           65918|        2000
2022-10-05|09:32:11  |MSFT            |BUY             |             400|       247.03000|           14375|        2000
2022-10-05|10:00:22  |AAPL            |BUY             |             900|       144.14000|          157560|        4000
2022-10-05|09:54:04  |AMZN            |SELL_SHORT      |             500|       125.42000|          128444|        9000
2022-10-05|09:59:17  |GOOG            |SELL_SHORT      |             600|       101.16000|          153223|        5000
2022-10-05|09:50:35  |SPY             |BUY             |             600|       376.95000|          111085|        8000
2022-10-05|10:50:50  |MSFT            |BUY             |             600|       259.49000|          434205|        7000
2022-10-05|10:42:42  |MSFT            |SELL_SHORT      |            1000|       259.61000|          382883|        8000
2022-10-05|10:48:39  |META            |BUY             |             200|       127.08000|          417848|        5000
2022-10-05|10:10:15  |MSFT            |BUY             |             100|       250.18000|          211040|        8000
2022-10-05|10:06:41  |AAPL            |BUY             |             900|       143.91000|          187411|        9000
2022-10-05|09:52:58  |F               |BUY             |             900|        12.45000|          124328|        9000
2022-10-05|10:53:19  |TSLA            |BUY             |             600|       227.10000|          444679|        8000
2022-10-05|09:57:57  |AMD             |SELL            |            1000|        66.16000|          147397|        7000
2022-10-05|10:50:01  |MSFT            |SELL_SHORT      |             300|       261.17000|          427543|        7000
2022-10-05|10:53:04  |F               |SELL            |             500|        11.48000|          443199|        1000
2022-10-05|09:36:41  |F               |BUY             |             500|        12.26000|           40351|        9000
2022-10-05|10:36:18  |GOOG            |BUY             |             300|       100.99000|          344266|       10000
2022-10-05|09:34:06  |AMZN            |SELL_SHORT      |             300|       121.42000|           26352|        6000
2022-10-05|10:44:48  |GOOGL           |SELL            |             700|        99.34000|          396632|        4000
2022-10-05|10:04:46  |GOOGL           |SELL            |             800|       101.24000|          180403|        9000
2022-10-05|10:05:30  |GOOGL           |SELL            |             700|       101.52000|          181729|       10000
2022-10-05|10:51:54  |SPY             |BUY             |             400|       380.12000|          438905|        5000
2022-10-05|10:09:38  |TSLA            |SELL            |             600|       236.03000|          207684|        7000
2022-10-05|10:12:03  |AMD             |SELL            |             800|        66.84000|          219442|        1000
2022-10-05|10:44:36  |F               |BUY             |             700|        11.33000|          394893|        5000
2022-10-05|10:42:35  |MSFT            |BUY             |             400|       256.48000|          381929|        4000
2022-10-05|09:34:23  |GOOG            |BUY             |             100|       104.37000|           27885|        8000
2022-10-05|10:43:47  |AMZN            |SELL_SHORT      |             600|       130.29000|          388805|        5000
2022-10-05|10:06:32  |F               |SELL            |             100|        12.02000|          187263|        9000
2022-10-05|10:24:46  |TSLA            |BUY             |             900|       233.58000|          284725|        2000
2022-10-05|09:50:23  |F               |BUY             |             500|        12.63000|          109676|       10000
2022-10-05|09:47:53  |AAPL            |SELL_SHORT      |             900|       145.55000|           94827|        6000
2022-10-05|10:47:03  |TSLA            |SELL            |             300|       226.65000|          410245|        6000
2022-10-05|10:57:03  |AMZN            |BUY             |             100|       132.31000|          462710|        2000
2022-10-05|10:20:34  |AMD             |BUY             |             200|        67.40000|          262265|        8000
2022-10-05|10:55:45  |MSFT            |SELL_SHORT      |             900|       263.18000|          455613|        6000
